@misc{1,
  author = {Hongyu Guo},
  title = {Generating Text with Deep Reinforcement Learning},
  year = {2015}
}
@article{2,
    author = {Jagjeet Singh, Vibhor Sharma},
    title = {Movie Genre Prediction Using Deep Learning},
    journal = {International journal of advances in engineering and management (IJAEM)},
    pages= {1--5},
    year = {2021}
}
@inproceedings{3,
  title={Multilabel movie genre classification from movie subtitle: Parameter optimized hybrid classifier},
  author={Hasan, Md Mehedi and Dip, Sadia Tamim and Rahman, Tasmiah and Akter, Mst Sonia and Salehin, Imrus},
  booktitle={2021 4th International Symposium on Advanced Electrical and Communication Technologies (ISAECT)},
  pages={1--6},
  year={2021},
  organization={IEEE}
}
@article{4,
  title={A multimodal approach for multi-label movie genre classification},
  author={Mangolin, Rafael B and Pereira, Rodolfo M and Britto Jr, Alceu S and Silla Jr, Carlos N and Feltrim, Val{\'e}ria D and Bertolini, Diego and Costa, Yandre MG},
  journal={Multimedia Tools and Applications},
  volume={81},
  number={14},
  pages={19071--19096},
  year={2022},
  publisher={Springer}
}